<record><leader>00000cas a22000007a 4500</leader><controlfield tag="001">14156993</controlfield><controlfield tag="008">860828d197u1984mtuwr ne      0    0eng d</controlfield><datafield ind1=" " ind2=" " tag="010"><subfield code="a">sn 86075306 </subfield></datafield><datafield ind1=" " ind2=" " tag="040"><subfield code="a">MTL</subfield><subfield code="b">eng</subfield><subfield code="c">MTL</subfield><subfield code="d">OCLCQ</subfield></datafield><datafield ind1=" " ind2=" " tag="042"><subfield code="a">msc</subfield></datafield><datafield ind1="0" ind2=" " tag="130"><subfield code="a">Spray (Valier, Mont.)</subfield></datafield><datafield ind1="1" ind2="4" tag="245"><subfield code="a">The Spray.</subfield></datafield><datafield ind1=" " ind2=" " tag="260"><subfield code="a">Valier, Mont. :</subfield><subfield code="b">A.M. Peterson,</subfield><subfield code="c">-1984.</subfield></datafield><datafield ind1=" " ind2=" " tag="300"><subfield code="a">v. :</subfield><subfield code="b">ill. ;</subfield><subfield code="c">41 cm.</subfield></datafield><datafield ind1=" " ind2=" " tag="310"><subfield code="a">Weekly</subfield></datafield><datafield ind1="0" ind2=" " tag="362"><subfield code="a">-v. 5, no. 12 (Dec. 30, 1976) ; v. 1, no. 1 (Jan. 6, 1977)-v. 8, no. 22 (July 5, 1984).</subfield></datafield><datafield ind1=" " ind2=" " tag="588"><subfield code="a">Description based on: Vol. 4, no. 33 (May 20, 1976).</subfield></datafield><datafield ind1=" " ind2=" " tag="752"><subfield code="a">United States</subfield><subfield code="b">Montana</subfield><subfield code="c">Pondera</subfield><subfield code="d">Valier.</subfield></datafield><datafield ind1="0" ind2="0" tag="785"><subfield code="t">Valierian</subfield><subfield code="w">(DLC)sn 86075307</subfield></datafield></record>